<?xml version="1.0" encoding="UTF-8"?><collection xmlns="http://www.loc.gov/MARC21/slim"><record><leader>00412nam--2200133-i-4500</leader><controlfield tag="001">000027122</controlfield><controlfield tag="002">20161230</controlfield><controlfield tag="005">20161230201036</controlfield><controlfield tag="008">060222s1000------------r-----000-0-eng-d</controlfield><datafield ind1=" " ind2=" " tag="100"><subfield code="a">Toboc, Pavel</subfield></datafield><datafield ind1=" " ind2=" " tag="245"><subfield code="a">Istrate, gheorghe</subfield></datafield><datafield ind1=" " ind2=" " tag="260"><subfield code="a">Control De Calitate Si Remanierea Defectelor Pieselor Turnate.Pentru Subingineri</subfield></datafield><datafield ind1=" " ind2=" " tag="490"><subfield code="a">Bucuresti,Editura Didactica Si Pedagogica, 1981. 207p</subfield></datafield><datafield ind1=" " ind2=" " tag="852"><subfield code="a">620.115.8(075.8)</subfield></datafield></record></collection>